<record><leader>00000cas a22000007a 4500</leader><controlfield tag="001">269317013</controlfield><controlfield tag="007">hd afu---baca</controlfield><controlfield tag="008">081106d18741906nyuwr n a     0   a0eng d</controlfield><controlfield tag="009">119</controlfield><datafield ind1=" " ind2=" " tag="010"><subfield code="a">sn2007059080</subfield><subfield code="z">sn 84031652 </subfield></datafield><datafield ind1=" " ind2=" " tag="040"><subfield code="a">COO</subfield><subfield code="b">eng</subfield><subfield code="c">COO</subfield><subfield code="d">DLC</subfield></datafield><datafield ind1=" " ind2=" " tag="042"><subfield code="a">msc</subfield></datafield><datafield ind1=" " ind2=" " tag="043"><subfield code="a">n-us-ny</subfield></datafield><datafield ind1="0" ind2=" " tag="130"><subfield code="a">Ithaca Democrat (Ithaca, N.Y. : 1874)</subfield></datafield><datafield ind1="0" ind2="4" tag="245"><subfield code="a">The Ithaca Democrat</subfield><subfield code="h">[microform].</subfield></datafield><datafield ind1=" " ind2=" " tag="260"><subfield code="a">Ithaca, N.Y. :</subfield><subfield code="b">Spencer &amp; Gregory,</subfield><subfield code="c">1874-1906.</subfield></datafield><datafield ind1=" " ind2=" " tag="300"><subfield code="a">v.</subfield></datafield><datafield ind1=" " ind2=" " tag="310"><subfield code="a">Weekly</subfield></datafield><datafield ind1="0" ind2=" " tag="362"><subfield code="a">Vol. 12, no. 1 (Jan. 1, 1874)-v. 88, no. 42 (Oct. 18, 1906).</subfield></datafield><datafield ind1=" " ind2=" " tag="500"><subfield code="a">Publisher: Ward Gregory, 1876-&lt;1886&gt;.</subfield></datafield><datafield ind1=" " ind2=" " tag="533"><subfield code="a">Microfilm.</subfield><subfield code="b">Ann Arbor, Mich. :</subfield><subfield code="c">University Microfilms International.</subfield><subfield code="e">12 microfilm reels ; 35 mm.</subfield></datafield><datafield ind1=" " ind2=" " tag="500"><subfield code="a">Editors: Anson Spencer, 1874-1876; Ward Gregory, 1874-&lt;1876&gt;.</subfield></datafield><datafield ind1=" " ind2=" " tag="752"><subfield code="a">United States</subfield><subfield code="b">New York</subfield><subfield code="c">Tompkins</subfield><subfield code="d">Ithaca.</subfield></datafield><datafield ind1="0" ind2="0" tag="780"><subfield code="t">Ithaca weekly Democrat</subfield></datafield><datafield ind1="0" ind2="0" tag="785"><subfield code="t">Ithaca chronicle and Democrat</subfield></datafield></record>